@mastersthesis{Ondracka2013,
author = {Ondra\v{c}ka, Pavel},
title = {{Study of thin films and surfaces by optical spectroscopic methods}},
year = {2013},
school = {Masaryk University}
}

@article{Franta2013432,
author = {Franta, Daniel and Ne\v{c}as, David and Zaj\'{\i}\v{c}kov\'{a}, Lenka},
journal = {Thin Solid Films},
pages = {432--441},
title = {{Application of Thomas–Reiche–Kuhn sum rule to construction of advanced dispersion models}},
volume = {534},
year = {2013}
}

@article{Shiles1980,
author = {Shiles, E. and Sasaki, Taizo and Inokuti, Mitio and Smith, D.},
journal = {Physical Review B},
number = {4},
pages = {1612--1628},
title = {{Self-consistency and sum-rule tests in the Kramers-Kronig analysis of optical data: Applications to aluminum}},
volume = {22},
year = {1980}
}
