@inbook{bittencourtplasmadef,
  author = {J. A. Bittencourt},
  title = {Fundamentals of Plasma Physics},
  publisher = {Springer},
  year = {2004},
  address = {Berlin},
  isbn = {9780387209753},
  chapter = {1},
  pages = {6--11},
}

@inbook{bittencourtchapter11,
  author = {J. A. Bittencourt},
  title = {Fundamentals of Plasma Physics},
  publisher = {Springer},
  year = {2004},
  address = {Berlin},
  isbn = {9780387209753},
  chapter={11},
  pages={278--288}
}

@inbook{chen2003sheet,
 author = {F. Chen},
 title = {Lecture notes on principles of plasma processing},
 publisher = {Kluwer Academic/Plenum Publishers},
 year = {2003},
 address = {New York},
 isbn = {0306474972},
 pages = {31--36},
 }

@inbook{chen2003reactions,
 author = {F. Chen},
 title = {Lecture notes on principles of plasma processing},
 publisher = {Kluwer Academic/Plenum Publishers},
 year = {2003},
 address = {New York},
 isbn = {0306474972},
 pages = {125--129},
 }

@Book{lieberman,
  author = {M. Lieberman},
  title = {Principles of Plasma Discharges and Materials Processing},
  publisher = {Wiley},
  year = {1994},
  address = {New York},
  isbn = {0471005770}
}

@inbook{liebermandischarge,
  author = {M. Lieberman},
  title = {Principles of Plasma Discharges and Materials Processing},
  publisher = {Wiley},
  year = {1994},
  address = {New York},
  isbn = {0471005770},
  chapter={11},
  pages={327--339}
}

@inbook{liebermanselfbias,
  author = {M. Lieberman},
  title = {Principles of Plasma Discharges and Materials Processing},
  publisher = {Wiley},
  year = {1994},
  address = {New York},
  isbn = {0471005770},
  chapter={11},
  pages={368--372}
}

@inbook{liebermanPECVD,
  author = {M. Lieberman},
  title = {Principles of Plasma Discharges and Materials Processing},
  publisher = {Wiley},
  year = {1994},
  address = {New York},
  isbn = {0471005770},
  pages= {512--516},
  chapter=16,
}

@Book{mayo,
  author = {D. Mayo},
  title = {Course Notes on the Interpretation of Infrared and Raman Spectra},
  publisher = {Wiley-Interscience},
  year = {2004},
  address = {New York},
  isbn = {9780471248231}
}

@Book{smith,
  author = {D. L. Smith},
  title = {Thin-Film Deposition},
  publisher = {McGraw-Hill},
  year = {1995},
  address = {New York},
  isbn = {9780070585027}
 }

@inbook{smithsheet,
  author = {D. L. Smith},
  title = {Thin-Film Deposition},
  publisher = {McGraw-Hill},
  year = {1995},
  address = {New York},
  isbn = {9780070585027},
  pages={462--470},
  chapter={9}
 }


@Book{tompkins,
  author = {H. Tompkins},
  title = {Handbook of Ellipsometry},
  publisher = {William Andrew Pub},
  year = {2005},
  address = {Norwich},
  isbn = {3540222936}
}

@inbook{yasudapoly,
  author = {H. Yasuda},
  title = {Plasma Polymerization},
  publisher = {Academic Press},
  year = {1985},
  address = {Boston},
  isbn = {9780127687605},
  chapter= {2},
  pages={4--10},
}

@inbook{yasudaspeed,
  author = {H. Yasuda},
  title = {Plasma Polymerization},
  publisher = {Academic Press},
  year = {1985},
  address = {Boston},
  isbn = {9780127687605},
  chapter= {9},
  pages={277--313},
}

@article{franta, 
  author = {D. Franta and D. Nečas and L. Zajíčková}, 
  journal = {Opt. Express}, 
  number = {24}, 
  pages = {16230--16244}, 
  publisher = {OSA},
  title = {Models of dielectric response in disordered solids}, 
  volume = {15}, 
  month = {nov},
  year = {2007},
}

@article{Franta2011,
title = "Combination of synchrotron ellipsometry and table-top optical measurements for determination of band structure of DLC films",
journal = "Thin Solid Films",
volume = "519",
number = "9",
pages = "2694 - 2697",
year = "2011",
note = "5th International Conference on Spectroscopic Ellipsometry (ICSE-V)",
issn = "0040-6090",
doi = "DOI: 10.1016/j.tsf.2010.12.059",
author = "D. Franta and D. Nečas and L. Zajíčková and V. Buršíková and Ch. Cobet",
keywords = "Diamond-like carbon",
keywords = "Amorphous hydrogenated carbon",
keywords = "Optical properties",
keywords = "Band structure"
}

@MastersThesis{vasek,
  author = {V. Pekař},
  title = {Plazmochemická depozice organosilikonových vrstev ve vysokofrekvenčním doutnavém výboji},
  school = {Masarykova Univerzita},
  year = {2010},
    }

@MastersThesis{pekar2008,
   author = {V. Pekař},
   title = {Plazmochemická depozice organosilikonových tenkých vrstev},
   school = {Masarykova Univerzita},
   year = 2008,
   type={Bachelor’s Thesis}
   }

@MastersThesis{fialova2009,
   author = {M. Fialová},
   title = {Depozice a charakterizace tenkých organosilikonových a SiO$_x$ vrstev},
   school = {Masarykova Univerzita},
   year = 2009,
   type={Bachelor’s Thesis}
   }

@phdthesis{lenkadizertace,
   author = {L. Zajíčková},
   school = {Masarykova Univerzita},
   title = {Thin Coatings Prepared by Radio Frequency Plasma Enhanced CVD} ,
   year = 1999,
   }

@article{trunec2010,
  author={D. Trunec and L. Zajíčková and V. Buršíková and F. Studnička and P. Sťahel and V. Prysiazhnyi and V. Peřina and J. Houdková and Z. Navrátil and D.
Franta},
  title={Deposition of hard thin films from HMDSO in atmospheric pressure dielectric barrier discharge},
  journal={Journal of Physics D: Applied Physics},
  volume={43},
  number={22},
  pages={225403},
  year={2010},
  }

@article{zajickova2007,
  author={L. Zajíčková and V. Buršíková and Z. Kučerová and D. Franta and P. Dvořák and R. Šmíd and V. Peřina and A. Macková},
  title={Deposition of protective coatings in rf organosilicon discharges},
  journal={Plasma Sources Science and Technology},
  volume={16},
  number={1},
  pages={S123},
  year={2007},
}

@article{zajickova2007b,
author = {L. Zajíčková and V. Buršíková and D. Franta and A. Bousquet and A. Granier and A. Goullet and J. Buršík},
title = {Comparative Study of Films Deposited from HMDSO/O$_2$ in Continuous Wave and Pulsed rf Discharges},
journal = {Plasma Processes and Polymers},
volume = {4},
number = {S1},
publisher = {WILEY-VCH Verlag},
issn = {1612-8869},
pages = {S287--S293},
keywords = {band gap, HMDSO, indentation, mechanical properties, plasma-enhanced chemical vapor deposition (PECVD), silicon oxide},
year = {2007},
}

@misc{vertex,
  author={Bruker Optics},
  title={VERTEX 80/80v FT-IR spectrometers},
  note={http://www.bruker\-optics.com/vertex80.html},
  month = {Duben},
  year = {2011},
}

@misc{lambda,
  author={PerkinElmer},
  title={LAMBDA 45 UV/Vis Systems},
  note={http://las.perkin\-elmer.com/Cata\-log/\-FamilyPage.htm?Cate\-goryID=LAMBDA+45+UV+Vis+Systems},
  month = {Duben},
  year = {2011},
}

@misc{necas,
  author = {D. Nečas},
  howpublished = {Osobní sdělení},
  year = 2011,
  month = {Květen},
}


@incollection{ohlidal2000,
title = "Ellipsometry of thin film systems",
editor = "E. Wolf",
booktitle = "",
publisher = "Elsevier",
year = "2000",
volume = "41",
pages = "181 - 282",
series = "Progress in Optics",
issn = "0079-6638",
doi = "DOI: 10.1016/S0079-6638(00)80018-9",
author = "I. Ohlídal and D. Franta"
}
