@article{Adam1959,
author = {Adam, J. and Rogers, M. D.},
doi = {10.1107/S0365110X59002742},
issn = {0365110X},
journal = {Acta Crystallographica},
month = nov,
number = {11},
pages = {951--951},
title = {{The crystal structure of ZrO2 and HfO2}},
url = {http://scripts.iucr.org/cgi-bin/paper?S0365110X59002742},
volume = {12},
year = {1959}
}

@article{Al-Kuhaili2004,
author = {Al-Kuhaili, M. F.},
doi = {10.1016/j.optmat.2004.04.014},
issn = {09253467},
journal = {Optical Materials},
mendeley-groups = {HfO2/aplications},
pages = {383--387},
title = {{Optical properties of hafnium oxide thin films and their application in energy-efficient windows}},
volume = {27},
year = {2004}
}


@article{AmbroschDraxl2006,
  title = "Linear optical properties of solids within the full-potential linearized augmented planewave method ",
  journal = "Computer Physics Communications ",
  volume = "175",
  number = "1",
  pages = "1 - 14",
  year = "2006",
  issn = "0010-4655",
  doi = "http://dx.doi.org/10.1016/j.cpc.2006.03.005",
  url = "http://www.sciencedirect.com/science/article/pii/S0010465506001299",
  author = "Claudia Ambrosch-Draxl and Jorge O. Sofo"
}

@misc{Balog1977,
author = {Balog, M. and Schieber, M. and Michman, M. and Patai, S.},
booktitle = {Thin Solid Films},
issn = {00406090},
pages = {247--259},
pmid = {21552358},
title = {{Chemical vapor deposition and characterization of HfO2 films from organo-hafnium compounds}},
volume = {41},
year = {1977}
}


@article{Blaha2001,
  title={wien2k},
  author={Blaha, Peter and Schwarz, Karlheinz and Madsen, GKH and Kvasnicka, Dieter and Luitz, Joachim},
  journal={An augmented plane wave+ local orbitals program for calculating crystal properties},
  year={2001},
  publisher={Technische Universitat Wien Vienna}
}

@article{Broqvist2007,
author = {Broqvist, Peter and Pasquarello, Alfredo},
doi = {10.1063/1.2643300},
issn = {00036951},
journal = {Applied Physics Letters},
number = {8},
pages = {082907},
title = {{Band gaps and dielectric constants of amorphous hafnium silicates: A first-principles investigation}},
url = {http://scitation.aip.org/content/aip/journal/apl/90/8/10.1063/1.2643300},
volume = {90},
year = {2007}
}


@article{Caravaca2005,
author = {Caravaca, M a and Casali, R a},
doi = {10.1088/0953-8984/17/37/015},
issn = {0953-8984},
journal = {Journal of Physics: Condensed Matter},
month = sep,
number = {37},
pages = {5795--5811},
title = {{Ab initio localized basis set study of structural parameters and elastic properties of {HfO2} polymorphs}},
volume = {17},
year = {2005}
}

@article{Ceresoli2006,
author = {Ceresoli, Davide and Vanderbilt, David},
doi = {10.1103/PhysRevB.74.125108},
issn = {1098-0121},
journal = {Physical Review B},
month = sep,
number = {12},
pages = {125108},
title = {{Structural and dielectric properties of amorphous ZrO2 and HfO2}},
volume = {74},
year = {2006}
}

@article{Chen2011,
author = {Chen, Tsung-Ju and Kuo, Chin-Lung},
doi = {10.1063/1.3636362},
issn = {00218979},
journal = {Journal of Applied Physics},
mendeley-groups = {HfO2},
number = {6},
pages = {064105},
title = {{First principles study of the structural, electronic, and dielectric properties of amorphous HfO2}},
url = {http://scitation.aip.org/content/aip/journal/jap/110/6/10.1063/1.3636362},
volume = {110},
year = {2011}
}

@article{Clark2010,
author = {Clark, Stewart J. and Robertson, John},
doi = {10.1103/PhysRevB.82.085208},
isbn = {1098-0121},
issn = {10980121},
journal = {Physical Review B - Condensed Matter and Materials Physics},
number = {8},
pages = {13--15},
title = {{Screened exchange density functional applied to solids}},
volume = {82},
year = {2010}
}

@article{Dole1978277,
author = {Dole, S L and Scheidecker, R W and Shiers, L E and Berard, M F and Jr., O Hunter},
doi = {http://dx.doi.org/10.1016/0025-5416(78)90141-6},
issn = {0025-5416},
journal = {Materials Science and Engineering},
number = {3},
pages = {277--281},
title = {{Technique for preparing highly-sinterable oxide powders}},
url = {http://www.sciencedirect.com/science/article/pii/0025541678901416},
volume = {32},
year = {1978}
}

@article{Fadel1998,
author = {Fadel, M. and {Azim M.}, O.a. and Omer, O.a. and Basily, R.R.},
doi = {10.1007/s003390050675},
issn = {0947-8396},
journal = {Applied Physics A: Materials Science \& Processing},
mendeley-groups = {HfO2},
month = mar,
number = {3},
pages = {335--343},
title = {{A study of some optical properties of hafnium dioxide (HfO$_2$) thin films and their applications}},
url = {http://link.springer.com/10.1007/s003390050675},
volume = {66},
year = {1998}
}

@article{Garcia2004,
author = {Garcia, Joelson Cott and Scolfaro, L. M. R. and Leite, J. R. and Lino, a. T. and Freire, V. N. and Farias, G. a. and Silva, E. F. Da},
doi = {10.1063/1.1823584},
eprint = {1204.2895},
issn = {00036951},
journal = {Applied Physics Letters},
number = {21},
pages = {5022},
title = {{Effective masses and complex dielectric function of cubic HfO2}},
volume = {85},
year = {2004}
}

@article{Gruning2010,
author = {Gr\"{u}ning, Myrta and Shaltaf, Riad and Rignanese, Gian Marco},
doi = {10.1103/PhysRevB.81.035330},
issn = {10980121},
journal = {Physical Review B - Condensed Matter and Materials Physics},
number = {3},
pages = {1--7},
title = {{Quasiparticle calculations of the electronic properties of ZrO2 and HfO2 polymorphs and their interface with Si}},
volume = {81},
year = {2010}
}


@article{Kaneta2007,
author = {Kaneta, C. and Yamasaki, T.},
doi = {10.1016/j.mee.2007.04.083},
issn = {01679317},
journal = {Microelectronic Engineering},
month = sep,
number = {9-10},
pages = {2370--2373},
title = {{Oxygen-related defects in amorphous HfO2 gate dielectrics}},
volume = {84},
year = {2007}
}

@article{Khoshman2008,
author = {Khoshman, J.M. and Khan, A. and Kordesch, M.E.},
doi = {10.1016/j.surfcoat.2007.07.095},
issn = {02578972},
journal = {Surface and Coatings Technology},
keywords = {amorphous,annealing,antireflection coatings,bandgap energy,hafnium oxide},
mendeley-groups = {HfO2},
month = feb,
number = {11},
pages = {2500--2502},
title = {{Amorphous hafnium oxide thin films for antireflection optical coatings}},
url = {http://linkinghub.elsevier.com/retrieve/pii/S0257897207007840},
volume = {202},
year = {2008}
}

@article{Koller2012,
author = {Koller, David and Tran, Fabien and Blaha, Peter},
doi = {10.1103/PhysRevB.85.155109},
issn = {1098-0121},
journal = {Physical Review B},
month = apr,
number = {15},
pages = {155109},
title = {{Improving the modified Becke-Johnson exchange potential}},
url = {http://link.aps.org/doi/10.1103/PhysRevB.85.155109},
volume = {85},
year = {2012}
}

@article{Komsa2010,
author = {Komsa, Hannu Pekka and Broqvist, Peter and Pasquarello, Alfredo},
doi = {10.1103/PhysRevB.81.205118},
issn = {10980121},
journal = {Physical Review B - Condensed Matter and Materials Physics},
number = {20},
pages = {1--12},
title = {{Alignment of defect levels and band edges through hybrid functionals: Effect of screening in the exchange term}},
volume = {81},
year = {2010}
}

@article{Kresse1996,
  title = {Efficient iterative schemes for ab initio total-energy calculations using a plane-wave basis set},
  author = {Kresse, G. and Furthm\"uller, J.},
  journal = {Phys. Rev. B},
  volume = {54},
  issue = {16},
  pages = {11169--11186},
  numpages = {0},
  year = {1996},
  month = {Oct},
  publisher = {American Physical Society},
  doi = {10.1103/PhysRevB.54.11169},
  url = {http://link.aps.org/doi/10.1103/PhysRevB.54.11169}
}

@article{Kresse1999,
  title = {From ultrasoft pseudopotentials to the projector augmented-wave method},
  author = {Kresse, G. and Joubert, D.},
  journal = {Phys. Rev. B},
  volume = {59},
  issue = {3},
  pages = {1758--1775},
  numpages = {0},
  year = {1999},
  month = {Jan},
  publisher = {American Physical Society},
  doi = {10.1103/PhysRevB.59.1758},
  url = {http://link.aps.org/doi/10.1103/PhysRevB.59.1758}
}

@article{Lim2002,
author = {Lim, Seung-Gu and Kriventsov, Stas and Jackson, Thomas N. and Haeni, J. H. and Schlom, D. G. and Balbashov, a. M. and Uecker, R. and Reiche, P. and Freeouf, J. L. and Lucovsky, G.},
doi = {10.1063/1.1456246},
issn = {00218979},
journal = {Journal of Applied Physics},
number = {7},
pages = {4500},
title = {{Dielectric functions and optical bandgaps of high-K dielectrics for metal-oxide-semiconductor field-effect transistors by far ultraviolet spectroscopic ellipsometry}},
volume = {91},
year = {2002}
}

@article{Liu2009,
author = {Liu, Qijun and Liu, Zhengtang and Feng, Liping and Xu, Bing},
doi = {10.1016/j.physb.2009.06.061},
issn = {09214526},
journal = {Physica B: Condensed Matter},
month = nov,
number = {20},
pages = {3614--3619},
publisher = {Elsevier},
title = {{First-principles study of structural, optical and elastic properties of cubic HfO2}},
volume = {404},
year = {2009}
}


@misc{Meng2012,
author = {Meng, Zeng-you and Huang, Sha-ling and Liu, Zhe and Zeng, Cheng-hang and Bu, Yi-kun},
booktitle = {Optoelectronics Letters},
doi = {10.1007/s11801-012-1149-5},
isbn = {1180101211495},
issn = {1673-1905},
number = {3},
pages = {190--192},
title = {{Design and fabrication of a novel high damage threshold HfO2/TiO2/SiO2 multilayer laser mirror}},
volume = {8},
year = {2012}
}

@article{Nguyen2005,
author = {Nguyen, N. V. and Davydov, Albert V. and Chandler-Horowitz, Deane and Frank, Martin M.},
doi = {10.1063/1.2126136},
issn = {00036951},
journal = {Applied Physics Letters},
number = {19},
pages = {1--3},
title = {{Sub-bandgap defect states in polycrystalline hafnium oxide and their suppression by admixture of silicon}},
volume = {87},
year = {2005}
}


@article{Perdew1996,
  title = {Generalized Gradient Approximation Made Simple},
  author = {Perdew, John P. and Burke, Kieron and Ernzerhof, Matthias},
  journal = {Phys. Rev. Lett.},
  volume = {77},
  issue = {18},
  pages = {3865--3868},
  numpages = {0},
  year = {1996},
  month = {Oct},
  publisher = {American Physical Society},
  doi = {10.1103/PhysRevLett.77.3865},
  url = {http://link.aps.org/doi/10.1103/PhysRevLett.77.3865}
}

@article{Sai2012,
  author={Gong Sai and Liu Bang-Gui},
  title={Electronic structures and optical properties of {TiO$_2$} : Improved density-functional-theory investigation},
  journal={Chinese Physics B},
  volume={21},
  number={5},
  pages={057104},
  url={http://stacks.iop.org/1674-1056/21/i=5/a=057104},
  year={2012},
}

@article{Scopel2008,
author = {Scopel, Wanderl\~{a} and da Silva, Ant\^{o}nio and Fazzio, a.},
doi = {10.1103/PhysRevB.77.172101},
issn = {1098-0121},
journal = {Physical Review B},
month = may,
number = {17},
pages = {172101},
title = {{Amorphous HfO$_2$ and Hf$_{1-x}$Si$_x$O via a melt-and-quench scheme using ab initio molecular dynamics}},
volume = {77},
year = {2008}
}


﻿@article{Singh2010,
  title = {Electronic structure calculations with the Tran-Blaha modified Becke-Johnson density functional},
  author = {Singh, David J.},
  journal = {Phys. Rev. B},
  volume = {82},
  issue = {20},
  pages = {205102},
  numpages = {10},
  year = {2010},
  month = {Nov},
  publisher = {American Physical Society},
  doi = {10.1103/PhysRevB.82.205102},
  url = {http://link.aps.org/doi/10.1103/PhysRevB.82.205102}
}

@article{Takeuchi2004,
author = {Takeuchi, H and Ha, D and King, T J},
doi = {10.1116/1.1705593},
issn = {07342101},
journal = {Journal of Vacuum Science \& Technology A},
pages = {1337--1341},
title = {{Observation of bulk HfO2 defects by spectroscopic ellipsometry}},
volume = {22},
year = {2004}
}

@article{Terki2008,
author = {Terki, R. and Bertrand, G. and Aourag, H. and Coddet, C.},
doi = {10.1016/j.matlet.2007.09.006},
issn = {0167577X},
journal = {Materials Letters},
month = apr,
number = {10-11},
pages = {1484--1486},
title = {{Cubic-to-tetragonal phase transition of HfO2 from computational study}},
volume = {62},
year = {2008}
}

@article{Tran2009,
  title = {Accurate Band Gaps of Semiconductors and Insulators with a Semilocal Exchange-Correlation Potential},
  author = {Tran, Fabien and Blaha, Peter},
  journal = {Phys. Rev. Lett.},
  volume = {102},
  issue = {22},
  pages = {226401},
  numpages = {4},
  year = {2009},
  month = {Jun},
  publisher = {American Physical Society},
  doi = {10.1103/PhysRevLett.102.226401},
  url = {http://link.aps.org/doi/10.1103/PhysRevLett.102.226401}
}

@article{Yang2014,
author = {Yang, Yong-Liang and Fan, Xiao-Li and Liu, Chong and Ran, Run-Xin},
doi = {10.1016/j.physb.2013.10.037},
issn = {09214526},
journal = {Physica B: Condensed Matter},
pages = {7--13},
publisher = {Elsevier},
title = {{First principles study of structural and electronic properties of cubic phase of ZrO2 and HfO2}},
url = {http://linkinghub.elsevier.com/retrieve/pii/S0921452613006558},
volume = {434},
year = {2014}
}

@article{Zhao2002,
author = {Zhao, Xinyuan and Vanderbilt, David},
doi = {10.1103/PhysRevB.65.233106},
issn = {0163-1829},
journal = {Physical Review B},
month = jun,
number = {23},
pages = {233106},
title = {{First-principles study of structural, vibrational, and lattice dielectric properties of hafnium oxide}},
volume = {65},
year = {2002}
}
