@article{Adam1959,
author = {Adam, J. and Rogers, M. D.},
doi = {10.1107/S0365110X59002742},
issn = {0365110X},
journal = {Acta Crystallographica},
month = nov,
number = {11},
pages = {951--951},
title = {{The crystal structure of ZrO2 and HfO2}},
url = {http://scripts.iucr.org/cgi-bin/paper?S0365110X59002742},
volume = {12},
year = {1959}
}

@article{Al-Kuhaili2004,
author = {Al-Kuhaili, M. F.},
doi = {10.1016/j.optmat.2004.04.014},
issn = {09253467},
journal = {Optical Materials},
mendeley-groups = {HfO2/aplications},
pages = {383--387},
title = {{Optical properties of hafnium oxide thin films and their application in energy-efficient windows}},
volume = {27},
year = {2004}
}


@article{AmbroschDraxl2006,
  title = "Linear optical properties of solids within the full-potential linearized augmented planewave method ",
  journal = "Computer Physics Communications ",
  volume = "175",
  number = "1",
  pages = "1 - 14",
  year = "2006",
  issn = "0010-4655",
  doi = "http://dx.doi.org/10.1016/j.cpc.2006.03.005",
  url = "http://www.sciencedirect.com/science/article/pii/S0010465506001299",
  author = "Claudia Ambrosch-Draxl and Jorge O. Sofo"
}

@misc{Balog1977,
author = {Balog, M. and Schieber, M. and Michman, M. and Patai, S.},
booktitle = {Thin Solid Films},
issn = {00406090},
pages = {247--259},
pmid = {21552358},
title = {{Chemical vapor deposition and characterization of HfO2 films from organo-hafnium compounds}},
volume = {41},
year = {1977}
}


@article{Blaha2001,
  title={wien2k},
  author={Blaha, Peter and Schwarz, Karlheinz and Madsen, GKH and Kvasnicka, Dieter and Luitz, Joachim},
  journal={An augmented plane wave+ local orbitals program for calculating crystal properties},
  year={2001},
  publisher={Technische Universitat Wien Vienna}
}

@article{Dole1978277,
author = {Dole, S L and Scheidecker, R W and Shiers, L E and Berard, M F and Jr., O Hunter},
doi = {http://dx.doi.org/10.1016/0025-5416(78)90141-6},
issn = {0025-5416},
journal = {Materials Science and Engineering},
number = {3},
pages = {277--281},
title = {{Technique for preparing highly-sinterable oxide powders}},
url = {http://www.sciencedirect.com/science/article/pii/0025541678901416},
volume = {32},
year = {1978}
}

@article{Fadel1998,
author = {Fadel, M. and {Azim M.}, O.a. and Omer, O.a. and Basily, R.R.},
doi = {10.1007/s003390050675},
issn = {0947-8396},
journal = {Applied Physics A: Materials Science \& Processing},
mendeley-groups = {HfO2},
month = mar,
number = {3},
pages = {335--343},
title = {{A study of some optical properties of hafnium dioxide (HfO$_2$) thin films and their applications}},
url = {http://link.springer.com/10.1007/s003390050675},
volume = {66},
year = {1998}
}

@article{Khoshman2008,
author = {Khoshman, J.M. and Khan, A. and Kordesch, M.E.},
doi = {10.1016/j.surfcoat.2007.07.095},
issn = {02578972},
journal = {Surface and Coatings Technology},
keywords = {amorphous,annealing,antireflection coatings,bandgap energy,hafnium oxide},
mendeley-groups = {HfO2},
month = feb,
number = {11},
pages = {2500--2502},
title = {{Amorphous hafnium oxide thin films for antireflection optical coatings}},
url = {http://linkinghub.elsevier.com/retrieve/pii/S0257897207007840},
volume = {202},
year = {2008}
}

@article{Koller2012,
author = {Koller, David and Tran, Fabien and Blaha, Peter},
doi = {10.1103/PhysRevB.85.155109},
issn = {1098-0121},
journal = {Physical Review B},
month = apr,
number = {15},
pages = {155109},
title = {{Improving the modified Becke-Johnson exchange potential}},
url = {http://link.aps.org/doi/10.1103/PhysRevB.85.155109},
volume = {85},
year = {2012}
}


@article{Kresse1996,
  title = {Efficient iterative schemes for ab initio total-energy calculations using a plane-wave basis set},
  author = {Kresse, G. and Furthm\"uller, J.},
  journal = {Phys. Rev. B},
  volume = {54},
  issue = {16},
  pages = {11169--11186},
  numpages = {0},
  year = {1996},
  month = {Oct},
  publisher = {American Physical Society},
  doi = {10.1103/PhysRevB.54.11169},
  url = {http://link.aps.org/doi/10.1103/PhysRevB.54.11169}
}

@article{Kresse1999,
  title = {From ultrasoft pseudopotentials to the projector augmented-wave method},
  author = {Kresse, G. and Joubert, D.},
  journal = {Phys. Rev. B},
  volume = {59},
  issue = {3},
  pages = {1758--1775},
  numpages = {0},
  year = {1999},
  month = {Jan},
  publisher = {American Physical Society},
  doi = {10.1103/PhysRevB.59.1758},
  url = {http://link.aps.org/doi/10.1103/PhysRevB.59.1758}
}

@misc{Meng2012,
author = {Meng, Zeng-you and Huang, Sha-ling and Liu, Zhe and Zeng, Cheng-hang and Bu, Yi-kun},
booktitle = {Optoelectronics Letters},
doi = {10.1007/s11801-012-1149-5},
isbn = {1180101211495},
issn = {1673-1905},
number = {3},
pages = {190--192},
title = {{Design and fabrication of a novel high damage threshold HfO2/TiO2/SiO2 multilayer laser mirror}},
volume = {8},
year = {2012}
}

@article{Perdew1996,
  title = {Generalized Gradient Approximation Made Simple},
  author = {Perdew, John P. and Burke, Kieron and Ernzerhof, Matthias},
  journal = {Phys. Rev. Lett.},
  volume = {77},
  issue = {18},
  pages = {3865--3868},
  numpages = {0},
  year = {1996},
  month = {Oct},
  publisher = {American Physical Society},
  doi = {10.1103/PhysRevLett.77.3865},
  url = {http://link.aps.org/doi/10.1103/PhysRevLett.77.3865}
}

@article{Sai2012,
  author={Gong Sai and Liu Bang-Gui},
  title={Electronic structures and optical properties of {TiO$_2$} : Improved density-functional-theory investigation},
  journal={Chinese Physics B},
  volume={21},
  number={5},
  pages={057104},
  url={http://stacks.iop.org/1674-1056/21/i=5/a=057104},
  year={2012},
}

ï»¿@article{Singh2010,
  title = {Electronic structure calculations with the Tran-Blaha modified Becke-Johnson density functional},
  author = {Singh, David J.},
  journal = {Phys. Rev. B},
  volume = {82},
  issue = {20},
  pages = {205102},
  numpages = {10},
  year = {2010},
  month = {Nov},
  publisher = {American Physical Society},
  doi = {10.1103/PhysRevB.82.205102},
  url = {http://link.aps.org/doi/10.1103/PhysRevB.82.205102}
}

@article{Takeuchi2004,
author = {Takeuchi, H and Ha, D and King, T J},
doi = {10.1116/1.1705593},
issn = {07342101},
journal = {Journal of Vacuum Science \& Technology A},
pages = {1337--1341},
title = {{Observation of bulk HfO2 defects by spectroscopic ellipsometry}},
volume = {22},
year = {2004}
}


@article{Tran2009,
  title = {Accurate Band Gaps of Semiconductors and Insulators with a Semilocal Exchange-Correlation Potential},
  author = {Tran, Fabien and Blaha, Peter},
  journal = {Phys. Rev. Lett.},
  volume = {102},
  issue = {22},
  pages = {226401},
  numpages = {4},
  year = {2009},
  month = {Jun},
  publisher = {American Physical Society},
  doi = {10.1103/PhysRevLett.102.226401},
  url = {http://link.aps.org/doi/10.1103/PhysRevLett.102.226401}
}
